@manual{sample,
  author = {TU Dortmund},
  title = {Anleitung zum Versuch US2: Scanverfahren in der Ultraschalltechnik},
  year = 2018
}
