@manual{sample,
  author = {TU Dortmund},
  title = {Anleitung zum Versuch V500: Der Photoeffekt},
  year = 2018
}
