@manual{1,
  author = {TU Dortmund},
  title = {Anleitung zum Versuch 402: Dispersionsmessungen am Glasprisma},
  year = 2018
}
