@manual{sample,
  author = {TU Dortmund},
  title = {Anleitung zum Versuch V702: Aktivierung mit Neutronen},
  year = 2018
}
