@manual{sample,
  author = {TU Dortmund},
  title = {Anleitung zum Versuch V704: Absorption von $\gamma$- und $\beta$-Strahlung},
  year = 2018
}
@online{zink,
  title = {Die Eigenschaften von Zink},
  url = {https://www.webelements.com/zinc/},
  urldate = "2018-06-17"
}
@online{blei,
  title = {Die Eigenschaften von Blei},
  url = {https://www.webelements.com/lead/},
  urldate = "2018-06-17"
}
