@manual{1,
  author = {TU Dortmund},
  title = {Anleitung zum Versuch 402: Dispersionsmessungen am Glasprisma},
  year = 2018
}
@online{2,
 title = "Wellenl√§ngen der Spektrallinien einer Quecksilber-Cadmium-Dampflampe",
 url = "https://l-netz.deviantart.com/art/Hg-Cd-spectrum-202250111",
 urldate = "2018-04-15"
}
