@manual{sample,
  author = {TU Dortmund},
  title = {Anleitung zum Versuch US3: Dopplersonographie},
  year = 2018
}
