@manual{sample,
  author = {TU Dortmund},
  title = {Anleitung zum Versuch V408: Geometrische Optik},
  year = 2018
}
