@manual{501,
  author = {TU Dortmund},
  title = {Anleitung zum Versuch 501: Ablenkung eines Elektronenstrahls im elektrischen Feld},
  year = 2018
}
@manual{502,
  author = {TU Dortmund},
  title = {Anleitung zum Versuch 502: Ablenkung eines Elektronenstrahls im transversalen Magnetfeld},
  year = 2018
}
@online{Ladung,
  title ="electron charge to mass quotient",
  url = "https://physics.nist.gov/cgi-bin/cuu/Value?esme",
  urldate = "2018-05-21"
}
@online{Erdmagnetfeld,
  title = "HÃ¤ufig gestellte Fragen zum Thema Erdmagnetismus",
  url = "https://www.gfz-potsdam.de/magservice/faq/#c2270",
  urldate = "2018-05-21"
}
