@manual{1,
  author = {TU Dortmund},
  title = {Anleitung zum Versuch 701: Reichweite von alpha-Strahlung},
  year = 2018
}
