@manual{1,
  author = {TU Dortmund},
  title = {Anleitung zum Versuch V406: Beugung am Doppelspalt},
  year = 2018
}
