@manual{sample,
  author = {TU Dortmund},
  title = {Anleitung zum Versuch V602: RÃ¶ntgenemission und -absorption},
  year = 2018
}
@online{e0,
  title ="electron charge",
  url = "https://physics.nist.gov/cgi-bin/cuu/Value?e",
  urldate = "2018-06-02"
}
