@manual{sample,
  author = {TU Dortmund},
  title = {Anleitung zum Versuch V606: Messung der Suszeptibilit√§t paramagnetischer Stoffe},
  year = 2018
}
@online{nd,
  title = {Neodym(III)-oxid},
  url = {https://www.webelements.com/compounds/neodymium/dineodymium_trioxide.html},
  urldate = "2018-06-11"
}
@online{dy,
  title = {Dysprosium(III)-oxide},
  url = {https://www.webelements.com/compounds/dysprosium/didysprosium_trioxide.html},
  urldate = "2018-06-11"
}
@online{gd,
  title = {Gadolinium(III)-oxide},
  url = {https://www.webelements.com/compounds/gadolinium/digadolinium_trioxide.html},
  urldate = "2018-06-11"
}
